@misc{dong2014image,
	title={Image Super-Resolution Using Deep Convolutional Networks},
	author={Chao Dong and Chen Change Loy and Kaiming He and Xiaoou Tang},
	year={2014},
	eprint={1501.00092},
	archivePrefix={arXiv},
	primaryClass={cs.CV}
}

@misc{kim2015accurate,
	title={Accurate Image Super-Resolution Using Very Deep Convolutional Networks},
	author={Jiwon Kim and Jung Kwon Lee and Kyoung Mu Lee},
	year={2015},
	eprint={1511.04587},
	archivePrefix={arXiv},
	primaryClass={cs.CV}
}

@misc{dong2016accelerating,
	title={Accelerating the Super-Resolution Convolutional Neural Network},
	author={Chao Dong and Chen Change Loy and Xiaoou Tang},
	year={2016},
	eprint={1608.00367},
	archivePrefix={arXiv},
	primaryClass={cs.CV}
}

